@inproceedings{amlesh2018marlo,
 author = {Chockalingam, Valliappa and Sung, Tegg Taekyong and Behbahani, Feryal and Gargeya, Rishab and Sivanantham, Amlesh and Malysheva, Aleksandra},
 title = {{Extending World Models for Multi-Agent Reinforcement Learning in MALMO}},
 publisher = {AIIDE},
 year = {2018},
 month = {Dec},
 url = {http://ceur-ws.org/Vol-2282/MARLO_110.pdf},
 booktitle = {Joint Proceedings of the AIIDE 2018 Workshops}
}


